%%%%%%%%%%%%%%%%%%%%%%%%%%%%%%%%%%%%%%%%%%%%%%%%%%%%%%%%%%%%%%%%%%%%%%%%%%%%%%%%%%%%%%%%%%%
%%%%%%%%%%%%%%%%%%%%%%%%%%%%%%%%%%%%%%%%%%%%%%%%%%%%%%%%%%%%%%%%%%%%%%%%%%%%%%%%%%%%%%%%%%%
% 1) General references of high-dimensional time series:
@article{basu2015regularized,
  title={Regularized estimation in sparse high-dimensional time series models},
  author={Basu, Sumanta and Michailidis, George},
  year={2015}
  journal={The Annals of Statistics},
  volume={43},
  number={4},
  pages={1535--1567}
}

% Dynamic Factor Modelling
@article{stock2002forecasting,
  title={Forecasting using principal components from a large number of predictors},
  author={Stock, James H and Watson, Mark W},
  journal={Journal of the American statistical association},
  volume={97},
  number={460},
  pages={1167--1179},
  year={2002},
  publisher={Taylor \& Francis}
}

% uSEM for a single subject.
@article{kim2007unified,
  title={Unified structural equation modeling approach for the analysis of multisubject, multivariate functional MRI data},
  author={Kim, Jieun and Zhu, Wei and Chang, Linda and Bentler, Peter M and Ernst, Thomas},
  journal={Human brain mapping},
  volume={28},
  number={2},
  pages={85--93},
  year={2007},
  publisher={Wiley Online Library}
}

%%%%%%%%%%%%%%%%%%%%%%%%%%%%%%%%%%%%%%%%%%%%%%%%%%%%%%%%%%%%%%%%%%%%%%%%%%%%%%%%%%%%%%%%%%%
%%%%%%%%%%%%%%%%%%%%%%%%%%%%%%%%%%%%%%%%%%%%%%%%%%%%%%%%%%%%%%%%%%%%%%%%%%%%%%%%%%%%%%%%%%%
% 1) Common/Individual structure in high-dimensional time series:

% GIMME:
@article{gates2012group,
  title={Group search algorithm recovers effective connectivity maps for individuals in homogeneous and heterogeneous samples},
  author={Gates, Kathleen M and Molenaar, Peter CM},
  journal={NeuroImage},
  volume={63},
  number={1},
  pages={310--319},
  year={2012},
  publisher={Elsevier}
}
% SGimme
@article{lane2019uncovering,
  title={Uncovering general, shared, and unique temporal patterns in ambulatory assessment data.},
  author={Lane, Stephanie T and Gates, Kathleen M and Pike, Hallie K and Beltz, Adriene M and Wright, Aidan GC},
  journal={Psychological methods},
  volume={24},
  number={1},
  pages={54},
  year={2019},
  publisher={American Psychological Association}
}
% Modification Indexes
@article{sorbom1989model,
  title={Model modification},
  author={S{\"o}rbom, Dag},
  journal={Psychometrika},
  volume={54},
  number={3},
  pages={371--384},
  year={1989},
  publisher={Springer-Verlag}
}

% Multivar:
@article{fisher2022penalized,
  title={Penalized estimation and forecasting of multiple subject intensive longitudinal data},
  author={Fisher, Zachary F and Kim, Younghoon and Fredrickson, Barbara L and Pipiras, Vladas},
  journal={psychometrika},
  volume={87},
  number={2},
  pages={403--431},
  year={2022},
  publisher={Cambridge University Press \& Assessment}
}
% Subgrouped Multivar.
@article{crawford2024penalized,
  title={Penalized Subgrouping of Heterogeneous Time Series},
  author={Crawford, Christopher M and Park, Jonathan J and Chow, Sy-Miin and Ernst, Anja F and Pipiras, Vladas and Fisher, Zachary F},
  journal={arXiv preprint arXiv:2409.03085},
  year={2024}
}
%%%%%%%%%%%%%%%%%%%%%%%%%%%%%%%%%%%%%%%%%%%%%%%%%%%%%%%%%%%%%%%%%%%%%%%%%%%%%%%%%%%%%%%%%%%
%%%%%%%%%%%%%%%%%%%%%%%%%%%%%%%%%%%%%%%%%%%%%%%%%%%%%%%%%%%%%%%%%%%%%%%%%%%%%%%%%%%%%%%%%%%
% 1) Historical references of graphical models:
@book{lauritzen1996graphical,
  title={Graphical models},
  author={Lauritzen, Steffen L},
  volume={17},
  year={1996},
  publisher={Clarendon Press}
}
@article{jordan1999introduction,
  title={An introduction to variational methods for graphical models},
  author={Jordan, Michael I and Ghahramani, Zoubin and Jaakkola, Tommi S and Saul, Lawrence K},
  journal={Machine Learning},
  volume={37},
  number={2},
  pages={183--233},
  year={1999},
  publisher={Springer}
}

%%%%%%%%%%%%%%%%%%%%%%%%%%%%%%%%%%%%%%%%%%%%%%%%%%%%%%%%%%%%%%%%%%%%%%%%%%%%%%%%%%%%%%%%%%%
%%%%%%%%%%%%%%%%%%%%%%%%%%%%%%%%%%%%%%%%%%%%%%%%%%%%%%%%%%%%%%%%%%%%%%%%%%%%%%%%%%%%%%%%%%%
%% 2) Papers with Graphical Model Estimation:
%% Books on GM
@book{mezard2009information,
  title={Information, physics, and computation},
  author={Mezard, Marc and Montanari, Andrea},
  year={2009},
  publisher={Oxford University Press}
}
@book{wainwright2008graphical,
  title={Graphical models, exponential families, and variational inference},
  author={Wainwright, Martin J and Jordan, Michael Irwin},
  year={2008},
  publisher={Now Publishers Inc}
}
@book{koller2009probabilistic,
  title={Probabilistic graphical models: principles and techniques},
  author={Koller, Daphne and Friedman, Nir},
  year={2009},
  publisher={MIT press}
}
@book{pearl2009causality,
  title={Causality},
  author={Pearl, Judea},
  year={2009},
  publisher={Cambridge university press}
}
@article{uhler2017gaussian,
  title={{G}aussian graphical models: an algebraic and geometric perspective},
  author={Uhler, Caroline},
  journal={arXiv preprint arXiv:1707.04345},
  year={2017}
}

%%%%%%%%%%%%%%%%%%%%%%%%%%%%%%%%%%%%%%%%%%%%%%%%%%%%%%%%%%%%%%%%%%%%%%%%%%%%%%%%%%%%%%%%%%%
%%%%%%%%%%%%%%%%%%%%%%%%%%%%%%%%%%%%%%%%%%%%%%%%%%%%%%%%%%%%%%%%%%%%%%%%%%%%%%%%%%%%%%%%%%%
%% 3) Applications of graphical models:
@article{lauritzen2003graphical,
  title={Graphical models for genetic analyses},
  author={Lauritzen, Steffen L and Sheehan, Nuala A},
  journal={Statistical Science},
  volume={18},
  number={4},
  pages={489--514},
  year={2003},
  publisher={JSTOR}
}
@article{abegaz2013sparse,
  title={Sparse time series chain graphical models for reconstructing genetic networks},
  author={Abegaz, Fentaw and Wit, Ernst},
  journal={Biostatistics},
  volume={14},
  number={3},
  pages={586--599},
  year={2013},
  publisher={Oxford University Press}
}
@book{sinoquet2014probabilistic,
  title={Probabilistic Graphical models for genetics, genomics, and postgenomics},
  author={Sinoquet, Christine},
  year={2014},
  publisher={OUP Oxford}
}
@article{zhao2019cancer,
  title={Cancer genetic network inference using {G}aussian graphical models},
  author={Zhao, Haitao and Duan, Zhong-Hui},
  journal={Bioinformatics and Biology Insights},
  volume={13},
  number={1},
  year={2019},
  pages={1-9},
  publisher={SAGE Publications Sage UK: London, England}
}

%%%%%%%%%%%%%%%%%%%%%%%%%%%%%%%%%%%%%%%%%%%%%%%%%%%%%%%%%%%%%%%%%%%%%%%%%%%%%%%%%%%%%%%%%%%
%%%%%%%%%%%%%%%%%%%%%%%%%%%%%%%%%%%%%%%%%%%%%%%%%%%%%%%%%%%%%%%%%%%%%%%%%%%%%%%%%%%%%%%%%%%
%%%% 4) Methods for traditional GGMs.
%% Neighborhood Selection
@article{Meinshausen_2006,
   title={High-dimensional graphs and variable selection with the Lasso},
   volume={34},
   ISSN={0090-5364},
   url={http://dx.doi.org/10.1214/009053606000000281},
   DOI={10.1214/009053606000000281},
   number={3},
   journal={The Annals of Statistics},
   publisher={Institute of Mathematical Statistics},
   author={Meinshausen, Nicolai and Bühlmann, Peter},
   year={2006},
   pages={1436–1462}
}
%% GLASSO
@article{yuan2007model,
  title={Model selection and estimation in the {G}aussian graphical model},
  author={Yuan, Ming and Lin, Yi},
  journal={Biometrika},
  volume={94},
  number={1},
  pages={19--35},
  year={2007},
  publisher={Oxford University Press}
}
@article{banerjee2007model,
  title={Model selection through sparse maximum likelihood estimation for multivariate {G}aussian or binary data},
  author={Banerjee, Onureena and El Ghaoui, Laurent and d'Aspremont, Alexandre},
  journal={The Journal of Machine Learning Research},
  volume={9},
  number={1},
  pages={485--516},
  year={2008},
  publisher={JMLR. org}
}
@article{friedman2008sparse,
  title={Sparse inverse covariance estimation with the graphical lasso},
  author={Friedman, Jerome and Hastie, Trevor and Tibshirani, Robert},
  journal={Biostatistics},
  volume={9},
  number={3},
  pages={432--441},
  year={2008},
  publisher={Oxford University Press}
}
@article{rothman2008sparse,
	author = {Adam J. Rothman and Peter J. Bickel and Elizaveta Levina and Ji Zhu},
	title = {{Sparse permutation invariant covariance estimation}},
	volume = {2},
	journal = {Electronic Journal of Statistics},
	publisher = {Institute of Mathematical Statistics and Bernoulli Society},
	pages = {494--515},
	keywords = {Cholesky decomposition, Covariance matrix, high dimension low sample size, large p small n, Lasso, Sparsity},
	year = {2008},
	doi = {10.1214/08-EJS176},
	URL = {https://doi.org/10.1214/08-EJS176}
}
@inproceedings{Raskuttietal2008,
	author = {Raskutti, Garvesh and Yu, Bin and Wainwright, Martin J and Ravikumar, Pradeep},
	booktitle = {Advances in Neural Information Processing Systems},
	editor = {D. Koller and D. Schuurmans and Y. Bengio and L. Bottou},
	pages = {},
	publisher = {Curran Associates, Inc.},
	title = {Model Selection in Gaussian Graphical Models: High-Dimensional Consistency of L-1-regularized MLE},
	url = {https://proceedings.neurips.cc/paper/2008/file/61f2585b0ebcf1f532c4d1ec9a7d51aa-Paper.pdf},
	volume = {21},
	year = {2008}
}
@article{ravikumar2011incoherence,
	author = {Pradeep Ravikumar and Martin J. Wainwright and Garvesh Raskutti and Bin Yu},
	title = {{High-dimensional covariance estimation by minimizing L1-penalized log-determinant divergence}},
	volume = {5},
	journal = {Electronic Journal of Statistics},
	publisher = {Institute of Mathematical Statistics and Bernoulli Society},
	pages = {935 -- 980},
	keywords = {Concentration, Covariance, Gaussian graphical models, ℓ_1 regularization, precision, Sparsity},
	year = {2011},
	doi = {10.1214/11-EJS631},
	URL = {https://doi.org/10.1214/11-EJS631}
}
% CLIME
@article{cai2011constrained,
  title={A constrained L-1 minimization approach to sparse precision matrix estimation},
  author={Cai, Tony and Liu, Weidong and Luo, Xi},
  journal={Journal of the American Statistical Association},
  volume={106},
  number={494},
  pages={594--607},
  year={2011},
  publisher={Taylor \& Francis}
}

%%%%%%%%%%%%%%%%%%%%%%%%%%%%%%%%%%%%%%%%%%%%%%%%%%%%%%%%%%%%%%%%%%%%%%%%%%%%%%%%%%%%%%%%%%%
%%%%%%%%%%%%%%%%%%%%%%%%%%%%%%%%%%%%%%%%%%%%%%%%%%%%%%%%%%%%%%%%%%%%%%%%%%%%%%%%%%%%%%%%%%%
%%%% 5) Variations of the original method for other uses.
%% ScaleFree
@inproceedings{liu2011learning,
  title={Learning scale free networks by reweighted l1 regularization},
  author={Liu, Qiang and Ihler, Alexander},
  booktitle={Proceedings of the Fourteenth International Conference on Artificial Intelligence and Statistics},
  pages={40--48},
  year={2011}
}
%% Communities and Clusters:
@inproceedings{hosseini2016learning,
  title={Learning sparse {G}aussian graphical models with overlapping blocks},
  author={Hosseini, Mohammad Javad and Lee, Su-In},
  booktitle={Advances in Neural Information Processing Systems},
  pages={3808--3816},
  year={2016}
}
@article{tan2015cluster,
  title={The cluster graphical lasso for improved estimation of {G}aussian graphical models},
  author={Tan, Kean Ming and Witten, Daniela and Shojaie, Ali},
  journal={Computational Statistics \& Data Analysis},
  volume={85},
  pages={23--36},
  year={2015},
  publisher={Elsevier}
}
%% Thresholded covariance matrix:
@article{mazumder2012exact,
	title={Exact covariance thresholding into connected components for large-scale graphical lasso},
	author={Mazumder, Rahul and Hastie, Trevor},
	journal={The Journal of Machine Learning Research},
	volume={13},
	number={1},
	pages={781--794},
	year={2012},
	publisher={JMLR. org}
}

%%%%%%%%%%%%%%%%%%%%%%%%%%%%%%%%%%%%%%%%%%%%%%%%%%%%%%%%%%%%%%%%%%%%%%%%%%%%%%%%%%%%%%%%%%%
%%%%%%%%%%%%%%%%%%%%%%%%%%%%%%%%%%%%%%%%%%%%%%%%%%%%%%%%%%%%%%%%%%%%%%%%%%%%%%%%%%%%%%%%%%%
%% 6) Applications of hub detection:
@article{10.1093/brain/awv075,
    author = {Fagerholm, Erik D. and Hellyer, Peter J. and Scott, Gregory and Leech, Robert and Sharp, David J.},
    title = "{Disconnection of network hubs and cognitive impairment after traumatic brain injury}",
    journal = {Brain},
    volume = {138},
    number = {6},
    pages = {1696--1709},
    year = {2015},
    issn = {0006-8950},
    doi = {10.1093/brain/awv075},
    url = {https://doi.org/10.1093/brain/awv075},
    eprint = {https://academic.oup.com/brain/article-pdf/138/6/1696/13799718/awv075.pdf},
}
@article{BI201571,
    title = {Gene expression patterns combined with network analysis identify hub genes associated with bladder cancer},
    journal = {Computational Biology and Chemistry},
    volume = {56},
    number={1},
    pages = {71--83},
    year = {2015},
    issn = {1476-9271},
    doi = {https://doi.org/10.1016/j.compbiolchem.2015.04.001},
    author = {Dongbin Bi and Hao Ning and Shuai Liu and Xinxiang Que and Kejia Ding},
}
@article{10.1093/comnet/cny002,
    author = {Ribeiro, Haroldo V and Alves, Luiz G A and Martins, Alvaro F and Lenzi, Ervin K and Perc, Matjaž},
    title = "{The dynamical structure of political corruption networks}",
    journal = {Journal of Complex Networks},
    volume = {6},
    number = {6},
    pages = {989--1003},
    year = {2018},
    issn = {2051-1329},
    doi = {10.1093/comnet/cny002},
    url = {https://doi.org/10.1093/comnet/cny002},
    eprint = {https://academic.oup.com/comnet/article-pdf/6/6/989/28007544/cny002.pdf},
}

%%%%%%%%%%%%%%%%%%%%%%%%%%%%%%%%%%%%%%%%%%%%%%%%%%%%%%%%%%%%%%%%%%%%%%%%%%%%%%%%%%%%%%%%%%%
%%%%%%%%%%%%%%%%%%%%%%%%%%%%%%%%%%%%%%%%%%%%%%%%%%%%%%%%%%%%%%%%%%%%%%%%%%%%%%%%%%%%%%%%%%%
%%%% 7) Methods for hub detection:
%% HGL
@article{tan2014learning,
  author  = {Kean Ming Tan and Palma London and Karthik Mohan and Su-In Lee and Maryam Fazel and Daniela Witten},
  title   = {Learning Graphical Models With Hubs},
  journal = {The Journal of Machine Learning Research},
  year    = {2014},
  volume  = {15},
  number  = {95},
  pages   = {3297--3331},
  url     = {http://jmlr.org/papers/v15/tan14b.html}
}
%% HWGLASSO
@article{McGillivray_2020,
title = {Estimating sparse networks with hubs},
journal = {Journal of Multivariate Analysis},
volume = {179},
number = {1},
pages = {104655/1--20},
year = {2020},
issn = {0047-259X},
doi = {https://doi.org/10.1016/j.jmva.2020.104655},
url = {https://www.sciencedirect.com/science/article/pii/S0047259X20302360},
author = {Annaliza McGillivray and Abbas Khalili and David A. Stephens},
keywords = {{G}aussian graphical model, Hubs, Sparsity, Weighted lasso},
}
@ARTICLE{hero2011hub,
  author={Hero, Alfred and Rajaratnam, Bala},
  journal={IEEE Transactions on Information Theory}, 
  title={Hub Discovery in Partial Correlation Graphs}, 
  year={2012},
  volume={58},
  number={9},
  pages={6064--6078},
  doi={10.1109/TIT.2012.2200825}}


%%%%%%%%%%%%%%%%%%%%%%%%%%%%%%%%%%%%%%%%%%%%%%%%%%%%%%%%%%%%%%%%%%%%%%%%%%%%%%%%%%%%%%%%%%%
%%%%%%%%%%%%%%%%%%%%%%%%%%%%%%%%%%%%%%%%%%%%%%%%%%%%%%%%%%%%%%%%%%%%%%%%%%%%%%%%%%%%%%%%%%%
%% 8) Applications of spectral methods:
%% Spiked covariance model
@article{paul2007asymptotics,
  title={Asymptotics of sample eigenstructure for a large dimensional spiked covariance model},
  author={Paul, Debashis},
  journal={Statistica Sinica},
  volume={17},
  number={4},
  pages={1617--1642},
  year={2007},
  publisher={JSTOR}
}
@article{baik2006eigenvalues,
  title={Eigenvalues of large sample covariance matrices of spiked population models},
  author={Baik, Jinho and Silverstein, Jack W},
  journal={Journal of Multivariate Analysis},
  volume={97},
  number={6},
  pages={1382--1408},
  year={2006},
  publisher={Elsevier}
}
%% Community Detection (recent reference)
@article{abbe2017community,
  title={Community detection and stochastic block models: recent developments},
  author={Abbe, Emmanuel},
  journal={The Journal of Machine Learning Research},
  volume={18},
  number={1},
  pages={6446--6531},
  year={2017},
  publisher={JMLR. org}
}
%% PCA.
@article{pearson1901liii,
  title={On lines and planes of closest fit to systems of points in space},
  author={Pearson, Karl},
  journal={The London, Edinburgh, and Dublin Philosophical Magazine and Journal of Science},
  volume={2},
  number={11},
  pages={559--572},
  year={1901},
  publisher={Taylor \& Francis}
}
@article{hotelling1933analysis,
  title={Analysis of a complex of statistical variables into principal components.},
  author={Hotelling, Harold},
  journal={Journal of Educational Psychology},
  volume={24},
  number={6},
  pages={417--441},
  year={1933},
  publisher={Warwick \& York}
}
%% Factor models
@article{bai2012statistical,
  title={Statistical analysis of factor models of high dimension},
  author={Bai, Jushan and Li, Kunpeng},
  journal={The Annals of Statistics},
  volume={40},
  number={1},
  pages={436--465},
  year={2012},
  publisher={Institute of Mathematical Statistics}
}
@article{fan2018robust,
  title={Robust high dimensional factor models with applications to statistical machine learning},
  author={Jianqing Fan and Kaizheng Wang and Yiqiao Zhong and Ziwei Zhu},
  journal={Statistical Science},
  volume={36},
  number={2},
  pages={303--327},
  year={2021},
  publisher={Institute of Mathematical Statistics}
}
%%%%%%%%%%%%%%%%%%%%%%%%%%%%%%%%%%%%%%%%%%%%%%%%%%%%%%%%%%%%%%%%%%%%%%%%%%%%%%%%%%%%%%%%%%%
%%%%%%%%%%%%%%%%%%%%%%%%%%%%%%%%%%%%%%%%%%%%%%%%%%%%%%%%%%%%%%%%%%%%%%%%%%%%%%%%%%%%%%%%%%%
%% 9) Spectral method theory.
%% General reference/ Weyl's inequality.
@book{horn1994topics,
	title={Topics in matrix analysis},
	author={Horn, Roger A and Horn, Roger A and Johnson, Charles R},
	year={1994},
	publisher={Cambridge university press}
}
%% Behavior of eigenvectors with no eigenvalue separation.
@article{bai2007eigenvectors,
	author = {Z. D. Bai and B. Q. Miao and G. M. Pan},
	title = {{On asymptotics of eigenvectors of large sample covariance matrix}},
	volume = {35},
	journal = {The Annals of Probability},
	number = {4},
	publisher = {Institute of Mathematical Statistics},
	pages = {1532 -- 1572},
	keywords = {asymptotic distribution, CDMA, central limit theorems, Eigenvectors and eigenvalues, empirical spectral distribution function, Haar distribution, MIMO, Random matrix theory, Sample covariance matrix, SIR, Stieltjes transform, strong convergence},
	year = {2007},
	doi = {10.1214/009117906000001079},
	URL = {https://doi.org/10.1214/009117906000001079}
}
@article{chen2020spectral,
url = {http://dx.doi.org/10.1561/2200000079},
year = {2021},
volume = {14},
journal = {Foundations and Trends in Machine Learning},
title = {Spectral Methods for Data Science: A Statistical Perspective},
doi = {10.1561/2200000079},
issn = {1935-8237},
number = {5},
pages = {566--806},
author = {Yuxin Chen and Yuejie Chi and Jianqing Fan and Cong Ma}
}
%% Original Davis-Kahan reference
@article{davis1970rotation,
  title={The rotation of eigenvectors by a perturbation. III},
  author={Davis, Chandler and Kahan, William Morton},
  journal={SIAM Journal on Numerical Analysis},
  volume={7},
  number={1},
  pages={1--46},
  year={1970},
  publisher={SIAM}
}
%% Matrix perturbation theory.
@article{stewart1990matrix,
  title={Matrix perturbation theory},
  author={Stewart, Gilbert W},
  year={1990},
  publisher={Citeseer}
}
%% Davis Kahan for Statisticians
@article{Yu_2015,
   title={A useful variant of the Davis–Kahan theorem for statisticians},
   volume={102},
   ISSN={1464-3510},
   url={http://dx.doi.org/10.1093/BIOMET/ASV008},
   DOI={10.1093/biomet/asv008},
   number={2},
   journal={Biometrika},
   publisher={Oxford University Press (OUP)},
   author={Yu, Y. and Wang, T. and Samworth, R. J.},
   year={2015},
   pages={315–-323}
}
%% Eigenvalue estimation
@article{onatski2010determining,
  title={Determining the number of factors from empirical distribution of eigenvalues},
  author={Onatski, Alexei},
  journal={The Review of Economics and Statistics},
  volume={92},
  number={4},
  pages={1004--1016},
  year={2010},
  publisher={MIT Press}
}
%% Entrywise eigenvector convergence
@misc{zhong2017eigenvector,
      title={Eigenvector Under Random Perturbation: A Nonasymptotic Rayleigh-Schr\"{o}dinger Theory}, 
      author={Yiqiao Zhong},
      year={2017},
      eprint={1702.00139},
      archivePrefix={arXiv},
      primaryClass={math.PR}
}
@misc{abbe2019entrywise,
      title={Entrywise Eigenvector Analysis of Random Matrices with Low Expected Rank}, 
      author={Emmanuel Abbe and Jianqing Fan and Kaizheng Wang and Yiqiao Zhong},
      year={2019},
      eprint={1709.09565},
      archivePrefix={arXiv},
      primaryClass={math.ST}
}
%% Enlarged Eigenspace analysis
@article{chen2022distributed,
  title={Distributed estimation for principal component analysis: An enlarged eigenspace analysis},
  author={Chen, Xi and Lee, Jason D and Li, He and Yang, Yun},
  journal={Journal of the American Statistical Association},
  volume={117},
  number={540},
  pages={1775--1786},
  year={2022},
  publisher={Taylor \& Francis}
}
@inproceedings{allen2016lazysvd,
 author = {Allen-Zhu, Zeyuan and Li, Yuanzhi},
 booktitle = {Advances in Neural Information Processing Systems},
 editor = {D. Lee and M. Sugiyama and U. Luxburg and I. Guyon and R. Garnett},
 pages = {},
 publisher = {Curran Associates, Inc.},
 title = {LazySVD: Even Faster SVD Decomposition Yet Without Agonizing Pain},
 url = {https://proceedings.neurips.cc/paper_files/paper/2016/file/c6e19e830859f2cb9f7c8f8cacb8d2a6-Paper.pdf},
 volume = {29},
 year = {2016}
}
%%%%%%%%%%%%%%%%%%%%%%%%%%%%%%%%%%%%%%%%%%%%%%%%%%%%%%%%%%%%%%%%%%%%%%%%%%%%%%%%%%%%%%%%%%%
%%%%%%%%%%%%%%%%%%%%%%%%%%%%%%%%%%%%%%%%%%%%%%%%%%%%%%%%%%%%%%%%%%%%%%%%%%%%%%%%%%%%%%%%%%%
%% Covariance estimation and rank constraints.
@article{vershynin2012close,
  title={How close is the sample covariance matrix to the actual covariance matrix?},
  author={Vershynin, Roman},
  journal={Journal of Theoretical Probability},
  volume={25},
  number={3},
  pages={655--686},
  year={2012},
  publisher={Springer}
}
%% Covariance matrix vs. effective rank.
@article{koltchinskii2017concentration,
  title={Concentration inequalities and moment bounds for sample covariance operators},
  author={Koltchinskii, Vladimir and Lounici, Karim},
  journal={Bernoulli},
  volume={23},
  number={1},
  pages={110--133},
  year={2017},
  publisher={Bernoulli Society for Mathematical Statistics and Probability}
}
%% 3) Sparse covariance estimation.
@article{bien2011sparse,
  title={Sparse estimation of a covariance matrix},
  author={Bien, Jacob and Tibshirani, Robert J},
  journal={Biometrika},
  volume={98},
  number={4},
  pages={807--820},
  year={2011},
  publisher={Oxford University Press}
}
%% 4) Improved estimation when low-rank structure exists.
@article{koltchinskii2017new,
  title={New asymptotic results in principal component analysis},
  author={Koltchinskii, Vladimir and Lounici, Karim},
  journal={Sankhya A},
  volume={79},
  number={2},
  pages={254--297},
  year={2017},
  publisher={Springer}
}

%%%%%%%%%%%%%%%%%%%%%%%%%%%%%%%%%%%%%%%%%%%%%%%%%%%%%%%%%%%%%%%%%%%%%%%%%%%%%%%%%%%%%%%%%%%
%%%%%%%%%%%%%%%%%%%%%%%%%%%%%%%%%%%%%%%%%%%%%%%%%%%%%%%%%%%%%%%%%%%%%%%%%%%%%%%%%%%%%%%%%%%
%% 10) Weighted networks
@article{palowitch2017significance,
  title={Significance-based community detection in weighted networks},
  author={Palowitch, John and Bhamidi, Shankar and Nobel, Andrew B},
  journal={The Journal of Machine Learning Research},
  volume={18},
  number={1},
  pages={6899--6946},
  year={2017},
  publisher={JMLR. org}
}
@article{newman2004analysis,
  title={Analysis of weighted networks},
  author={Newman, Mark EJ},
  journal={Physical Review E},
  volume={70},
  number={5},
  pages={056131/1--9},
  year={2004},
  publisher={APS}
}
%%%%%%%%%%%%%%%%%%%%%%%%%%%%%%%%%%%%%%%%%%%%%%%%%%%%%%%%%%%%%%%%%%%%%%%%%%%%%%%%%%%%%%%%%%%
%%%%%%%%%%%%%%%%%%%%%%%%%%%%%%%%%%%%%%%%%%%%%%%%%%%%%%%%%%%%%%%%%%%%%%%%%%%%%%%%%%%%%%%%%%%
%% 11) Regularized covariance matrix estimation.
@article{ledoit2012nonlinear,
  title={Nonlinear shrinkage estimation of large-dimensional covariance matrices},
  author={Ledoit, Olivier and Wolf, Michael and others},
  journal={The Annals of Statistics},
  volume={40},
  number={2},
  pages={1024--1060},
  year={2012},
  publisher={Institute of Mathematical Statistics}
}
@article{lam2016nonparametric,
  title={Nonparametric eigenvalue-regularized precision or covariance matrix estimator},
  author={Lam, Clifford and others},
  journal={Annals of Statistics},
  volume={44},
  number={3},
  pages={928--953},
  year={2016},
  publisher={Institute of Mathematical Statistics}
}
@article{ledoit2020analytical,
  title={Analytical nonlinear shrinkage of large-dimensional covariance matrices},
  author={Ledoit, Olivier and Wolf, Michael and others},
  journal={Annals of Statistics},
  volume={48},
  number={5},
  pages={3043--3065},
  year={2020},
  publisher={Institute of Mathematical Statistics}
}

%%%%%%%%%%%%%%%%%%%%%%%%%%%%%%%%%%%%%%%%%%%%%%%%%%%%%%%%%%%%%%%%%%%%%%%%%%%%%%%%%%%%%%%%%%%
%%%%%%%%%%%%%%%%%%%%%%%%%%%%%%%%%%%%%%%%%%%%%%%%%%%%%%%%%%%%%%%%%%%%%%%%%%%%%%%%%%%%%%%%%%%
%% 12) Eigenvalue gap estimation in the literature
@article{ahn2013eigenvalue,
  title={Eigenvalue ratio test for the number of factors},
  author={Ahn, Seung C and Horenstein, Alex R},
  journal={Econometrica},
  volume={81},
  number={3},
  pages={1203--1227},
  year={2013},
  publisher={Wiley Online Library}
}
@article{lam2012factor,
  title={Factor modeling for high-dimensional time series: inference for the number of factors},
  author={Lam, Clifford and Yao, Qiwei},
  journal={The Annals of Statistics},
  volume={40},
  number={2},
  pages={694--726},
  year={2012},
  publisher={JSTOR}
}
%%%%%%%%%%%%%%%%%%%%%%%%%%%%%%%%%%%%%%%%%%%%%%%%%%%%%%%%%%%%%%%%%%%%%%%%%%%%%%%%%%%%%%%%%%%
%%%%%%%%%%%%%%%%%%%%%%%%%%%%%%%%%%%%%%%%%%%%%%%%%%%%%%%%%%%%%%%%%%%%%%%%%%%%%%%%%%%%%%%%%%%
%% 12) Variable screening in Covariance matrices.
@article{hero2011large,
  title={Large-scale correlation screening},
  author={Hero, Alfred and Rajaratnam, Bala},
  journal={Journal of the American Statistical Association},
  volume={106},
  number={496},
  pages={1540--1552},
  year={2011},
  publisher={Taylor \& Francis}
}
@article{el2008operator,
  title={Operator norm consistent estimation of large-dimensional sparse covariance matrices},
  author={El Karoui, Noureddine and others},
  journal={The Annals of Statistics},
  volume={36},
  number={6},
  pages={2717--2756},
  year={2008},
  publisher={Institute of Mathematical Statistics}
}
@article{zhao2018pivotal,
  title={Pivotal variable detection of the covariance matrix and its application to high-dimensional factor models},
  author={Zhao, Junlong and Zhao, Hongyu and Zhu, Lixing},
  journal={Statistics and Computing},
  volume={28},
  number={4},
  pages={775--793},
  year={2018},
  publisher={Springer}
}
%%%%%%%%%%%%%%%%%%%%%%%%%%%%%%%%%%%%%%%%%%%%%%%%%%%%%%%%%%%%%%%%%%%%%%%%%%%%%%%%%%%%%%%%%%%
%%%%%%%%%%%%%%%%%%%%%%%%%%%%%%%%%%%%%%%%%%%%%%%%%%%%%%%%%%%%%%%%%%%%%%%%%%%%%%%%%%%%%%%%%%%
%% 13) Concentration bounds for norms of subexponential RV.
@article{zajkowski2019norms,
  title={Norms of sub-exponential random vectors},
  author={Zajkowski, Krzysztof},
  journal={Statistics \& Probability Letters},
  volume={152},
  pages={147--152},
  year={2019},
  publisher={Elsevier}
}
%% Sparse Principal Component Analysis.
@article{zou2006sparse,
  title={Sparse principal component analysis},
  author={Zou, Hui and Hastie, Trevor and Tibshirani, Robert},
  journal={Journal of computational and graphical statistics},
  volume={15},
  number={2},
  pages={265--286},
  year={2006},
  publisher={Taylor \& Francis}
}
%% Multiple Testing.
@misc{fan2019estimation,
      title={Estimation of False Discovery Proportion with Unknown Dependence}, 
      author={Jianqing Fan and Xu Han},
      year={2019},
      eprint={1305.7007},
      archivePrefix={arXiv},
      primaryClass={stat.ME}
}
%% Mixture models
@article{DBLP:journals/corr/abs-1206-5766,
  author    = {Daniel J. Hsu and
               Sham M. Kakade},
  title     = {Learning {G}aussian Mixture Models: Moment Methods and Spectral Decompositions},
  journal   = {CoRR},
  volume    = {abs/1206.5766},
  year      = {2012},
  url       = {http://arxiv.org/abs/1206.5766},
  archivePrefix = {arXiv},
  eprint    = {1206.5766},
  timestamp = {Mon, 13 Aug 2018 16:48:04 +0200},
  biburl    = {https://dblp.org/rec/journals/corr/abs-1206-5766.bib},
  bibsource = {dblp computer science bibliography, https://dblp.org}
}
%% Graph spectra:
@book{cvetkovic2011selected,
  title={Selected topics on applications of graph spectra},
  author={Cvetkovic, Drago{\v{s}} M and Gutman, Ivan},
  year={2011},
  publisher={Matematicki institut SANU Beograd}
}
%% Spectra and bipartite networks.
@article{estrada2005spectral,
  title={Spectral measures of bipartivity in complex networks},
  author={Estrada, Ernesto and Rodr{\'\i}guez-Vel{\'a}zquez, Juan A},
  journal={Physical Review E},
  volume={72},
  number={4},
  pages={046105/1-6},
  year={2005},
  publisher={APS}
}
%% Pervasiveness assumption
@article{ahn2013eigenvalue,
  title={Eigenvalue ratio test for the number of factors},
  author={Ahn, Seung C and Horenstein, Alex R},
  journal={Econometrica},
  volume={81},
  number={3},
  pages={1203--1227},
  year={2013},
  publisher={Wiley Online Library}
}
@article{fan2013large,
  title={Large covariance estimation by thresholding principal orthogonal complements},
  author={Fan, Jianqing and Liao, Yuan and Mincheva, Martina},
  journal={Journal of the Royal Statistical Society, Series B: Statistical Methodology},
  volume={75},
  number={4},
  pages={603--680},
  year={2013}
}

%%%%%%%%%%%%%%%%%%%%%%%%%%%%%%%%%%%%%%%%%%%%%%%%%%%%%%%%%%%%%%%%%%%%%%%%%%%%%%%%%%%%%%%%%%%
%%%%%%%%%%%%%%%%%%%%%%%%%%%%%%%%%%%%%%%%%%%%%%%%%%%%%%%%%%%%%%%%%%%%%%%%%%%%%%%%%%%%%%%%%%%
%% 2) Useful references:


%% Sparse Group LASSO.
@article{simon2013sparse,
  title={A sparse-group lasso},
  author={Simon, Noah and Friedman, Jerome and Hastie, Trevor and Tibshirani, Robert},
  journal={Journal of computational and graphical statistics},
  volume={22},
  number={2},
  pages={231--245},
  year={2013},
  publisher={Taylor \& Francis Group}
}


%% High dimensional Statistics. Useful reference for:
%% 1) Rate of convergence of covariance matrix.
@book{wainwright2019high,
  title={High-dimensional statistics: A non-asymptotic viewpoint},
  author={Wainwright, Martin J},
  volume={48},
  year={2019},
  publisher={Cambridge University Press}
}
@inbook{wainwright_2019_6, 
        place={Cambridge}, 
        series={Cambridge Series in Statistical and Probabilistic Mathematics}, 
        title={Random matrices and covariance estimation},
        DOI={10.1017/9781108627771.006}, 
        booktitle={High-Dimensional Statistics: A Non-Asymptotic Viewpoint}, 
        publisher={Cambridge University Press}, 
        author={Wainwright, Martin J.}, 
        year={2019}, 
        pages={159--193}, 
        collection={Cambridge Series in Statistical and Probabilistic Mathematics}}
@inbook{wainwright_2019_15, 
        place={Cambridge}, 
        series={Cambridge Series in Statistical and Probabilistic Mathematics}, 
        title={Minimax lower bounds}, DOI={10.1017/9781108627771.015}, booktitle={High-Dimensional Statistics: A Non-Asymptotic Viewpoint}, 
        publisher={Cambridge University Press}, author={Wainwright, Martin J.}, 
        year={2019}, 
        pages={485--523}, 
        collection={Cambridge Series in Statistical and Probabilistic Mathematics}
}

%%%%%%%%%%%%%%%%%%%%%%%%%%%%%%%%%%%%%%%%%%%%%%%%%%%%%%%%%%%%%%%%%%%%%%%%%%%%%%%%%%%%%%%%%%%
%%%%%%%%%%%%%%%%%%%%%%%%%%%%%%%%%%%%%%%%%%%%%%%%%%%%%%%%%%%%%%%%%%%%%%%%%%%%%%%%%%%%%%%%%%%
%% Data processing and fitting references.
%% Automatic log-transforming data.
@article{Feng_2016,
   title={A note on automatic data transformation},
   volume={5},
   ISSN={2049-1573},
   url={http://dx.doi.org/10.1002/STA4.104},
   DOI={10.1002/sta4.104},
   number={1},
   journal={Stat},
   publisher={Wiley},
   author={Feng, Qing and Hannig, Jan and Marron, J. S.},
   year={2016},
   pages={82--87}
}
%% Tuning parameter selection.
@article{gao2012tuning,
  title={Tuning parameter selection for penalized likelihood estimation of {G}aussian graphical model},
  author={Gao, Xin and Pu, Daniel Q and Wu, Yuehua and Xu, Hong},
  journal={Statistica Sinica},
  volume={22},
  number={3},
  pages={1123--1146},
  year={2012},
  publisher={JSTOR}
}

%%%%%%%%%%%%%%%%%%%%%%%%%%%%%%%%%%%%%%%%%%%%%%%%%%%%%%%%%%%%%%%%%%%%%%%%%%%%%%%%%%%%%%%%%%%
%%%%%%%%%%%%%%%%%%%%%%%%%%%%%%%%%%%%%%%%%%%%%%%%%%%%%%%%%%%%%%%%%%%%%%%%%%%%%%%%%%%%%%%%%%%
%% 5) Real data analysis.

%% Cancer data citation.
 @misc{ NCI, 
        title={The Cancer Genome Atlas Program}, 
        year = {2020},
        url={https://www.cancer.gov/tcga}, 
        journal={National Cancer Institute}, 
        publisher={ National Institutes of Health (NIH)}} 
@article{verhaak2010integrated,
  title={Integrated genomic analysis identifies clinically relevant subtypes of glioblastoma characterized by abnormalities in PDGFRA, IDH1, EGFR, and NF1},
  author={Verhaak, Roel GW and Hoadley, Katherine A and Purdom, Elizabeth and Wang, Victoria and Qi, Yuan and Wilkerson, Matthew D and Miller, C Ryan and Ding, Li and Golub, Todd and Mesirov, Jill P and others},
  journal={Cancer cell},
  volume={17},
  number={1},
  pages={98--110},
  year={2010},
  publisher={Elsevier}
}
%% References for SEMG2 and SEMG1.
@article{ulvsback1992gene,
  title={Gene structure of semenogelin I and II. The predominant proteins in human semen are encoded by two homologous genes on chromosome 20.},
  author={Ulvsb{\"a}ck, M and Lazure, C and Lilja, Hans and Spurr, NK and Rao, VV and L{\"o}ffler, C and Hansmann, I and Lundwall, A},
  journal={Journal of Biological Chemistry},
  volume={267},
  number={25},
  pages={18080--18084},
  year={1992},
  publisher={ASBMB}
}
@article{canacci2011expression,
  title={Expression of semenogelins {I} and {II} and its prognostic significance in human prostate cancer},
  author={Canacci, Anastasia M and Izumi, Koji and Zheng, Yichun and Gordetsky, Jennifer and Yao, Jorge L and Miyamoto, Hiroshi},
  journal={The Prostate},
  volume={71},
  number={10},
  pages={1108--1114},
  year={2011},
  publisher={Wiley Online Library}
}
%% References for RN7SK 
@article{abasi20167sk,
  title={7{SK} small nuclear RNA transcription level down-regulates in human tumors and stem cells},
  author={Abasi, Mozhgan and Bazi, Zahra and Mohammadi-Yeganeh, Samira and Soleimani, Masoud and Haghpanah, Vahid and Zargami, Nosratollah and Ghanbarian, Hossein},
  journal={Medical Oncology},
  volume={33},
  number={11},
  pages={128/1-5},
  year={2016},
  publisher={Springer}
}
@article{musavi2019rn7sk,
  title={Rn7SK small nuclear RNA is involved in cellular senescence},
  author={Musavi, Maryam and Kohram, Fatemeh and Abasi, Mozhgan and Bolandi, Zohreh and Ajoudanian, Mohammad and Mohammadi-Yeganeh, Samira and Hashemi, Seyed Mahmoud and Sharifi, Kazem and Fathi, Hamid reza and Ghanbarian, Hossein},
  journal={Journal of cellular physiology},
  volume={234},
  number={8},
  pages={14234--14245},
  year={2019},
  publisher={Wiley Online Library}
}
%% Reference for MIR3609 
@article{LI201920,
title = "miR3609 sensitizes breast cancer cells to adriamycin by blocking the programmed death-ligand 1 immune checkpoint",
journal = "Experimental Cell Research",
volume = "380",
number = "1",
pages = {20--28},
year = "2019",
issn = "0014-4827",
doi = "https://doi.org/10.1016/j.yexcr.2019.03.025",
url = "http://www.sciencedirect.com/science/article/pii/S0014482719301260",
author = "Duolu Li and Xinru Wang and Meng Yang and Quancheng Kan and Zhenfeng Duan",
keywords = "miR-3609, PD-L1, Chemo-resistance, Breast cancer",
}
@article{fan2016inhibition,
  title={Inhibition of prostate cancer growth using doxorubicin assisted by ultrasound-targeted nanobubble destruction},
  author={Fan, Xiaozhou and Wang, Luofu and Guo, Yanli and Xiong, Xingyu and Zhu, Lianhua and Fang, Kejing},
  journal={International Journal of Nanomedicine},
  volume={11},
  number={1},
  pages={3585--3596},
  year={2016},
  publisher={Dove Press}
}
%% Reference for TMP2
@article{fagerberg2014analysis,
  title={Analysis of the human tissue-specific expression by genome-wide integration of transcriptomics and antibody-based proteomics},
  author={Fagerberg, Linn and Hallstr{\"o}m, Bj{\"o}rn M and Oksvold, Per and Kampf, Caroline and Djureinovic, Dijana and Odeberg, Jacob and Habuka, Masato and Tahmasebpoor, Simin and Danielsson, Angelika and Edlund, Karolina and others},
  journal={Molecular \& Cellular Proteomics},
  volume={13},
  number={2},
  pages={397--406},
  year={2014},
  publisher={ASBMB}
}
@article{assinder2010novel,
  title={A novel splice variant of the $\beta$-tropomyosin (TPM2) gene in prostate cancer},
  author={Assinder, Stephen J and Au, Edith and Dong, Qihan and Winnick, Clare},
  journal={Molecular Carcinogenesis: Published in cooperation with the University of Texas MD Anderson Cancer Center},
  volume={49},
  number={6},
  pages={525--531},
  year={2010},
  publisher={Wiley Online Library}
}
@article{raval2003loss,
  title={Loss of expression of tropomyosin-1, a novel class II tumor suppressor that induces anoikis, in primary breast tumors},
  author={Raval, Gira N and Bharadwaj, Shantaram and Levine, Edward A and Willingham, Mark C and Geary, Randolph L and Kute, Tim and Prasad, GL},
  journal={Oncogene},
  volume={22},
  number={40},
  pages={6194--6203},
  year={2003},
  publisher={Nature Publishing Group}
}
%% Reference for PIP
@article{myal1989gene,
  title={The gene for prolactin-inducible protein (PIP), uniquely expressed in exocrine organs, maps to chromosome 7},
  author={Myal, Yvonne and Gregory, Carolyn and Wang, Hui and Hamerton, John L and Shiu, Robert PC},
  journal={Somatic cell and molecular genetics},
  volume={15},
  number={3},
  pages={265--270},
  year={1989},
  publisher={Springer}
}
@article{autiero1999abnormal,
  title={Abnormal restriction pattern of PIP gene associated with human primary prostate cancers},
  author={Autiero, Monica and Culerrier, Raphael and Bouchier, Christiane and Basmaciogullari, Stephane and Gaubin, Muriel and Marhomy, Sandrine El and Blanchet, Pascal and Paradis, Valerie and Jardin, Alain and Guardiola, John and others},
  journal={DNA and cell biology},
  volume={18},
  number={6},
  pages={481--487},
  year={1999},
  publisher={Mary Ann Liebert, Inc.}
}

%%%%%%%%%%%%%%%%%%%%%%%%%%%%%%%%%%%%%%%%%%%%%%%%%%%%%%%%%%%%%%%%%%%%%%%%%%%%%%%%%%%%%%%%%%%
%%%%%%%%%%%%%%%%%%%%%%%%%%%%%%%%%%%%%%%%%%%%%%%%%%%%%%%%%%%%%%%%%%%%%%%%%%%%%%%%%%%%%%%%%%%
%% Graphical models for Non-Normal Data

% {G}aussian Copula Model.
@article{liu2012high,
  title={High-dimensional semiparametric {G}aussian copula graphical models},
  author={Liu, Han and Han, Fang and Yuan, Ming and Lafferty, John and Wasserman, Larry},
  journal={The Annals of Statistics},
  volume={40},
  number={4},
  pages={2293--2326},
  year={2012},
  publisher={Institute of Mathematical Statistics}
}

%% Ising data
@article{ravikumar2010high,
  title={High-dimensional {I}sing model selection using L1-regularized logistic regression},
  author={Ravikumar, Pradeep and Wainwright, Martin J and Lafferty, John D},
  journal={The Annals of Statistics},
  volume={38},
  number={3},
  pages={1287--1319},
  year={2010},
  publisher={Institute of Mathematical Statistics}
}
%% Hubs in Ising models
@article{tandon2014learning,
  title={Learning graphs with a few hubs},
  author={Tandon, Rashish and Ravikumar, Pradeep},
  journal={Proceedings of Machine Learning Research},
  volume={32},
  number={1},
  pages={602-610},
  year={2014}
}
%% Poisson GM
@article{yang2013poisson,
  title={On {P}oisson graphical models},
  author={Yang, Eunho and Ravikumar, Pradeep and Allen, Genevera I and Liu, Zhandong},
  journal={Advances in Neural Information Processing Systems},
  volume={26},
  number={1},
  pages={1718--1726},
  year={2013}
}

%%%%%%%%%%%%%%%%%%%%%%%%%%%%%%%%%%%%%%%%%%%%%%%%%%%%%%%%%%%%%%%%%%%%%%%%%%%%%%%%%%%%%%%%%%%
%%%%%%%%%%%%%%%%%%%%%%%%%%%%%%%%%%%%%%%%%%%%%%%%%%%%%%%%%%%%%%%%%%%%%%%%%%%%%%%%%%%%%%%%%%%
%% Mutual information.
@book{pardo2005statistical,
	title        = {Statistical Inference Based on Divergence Measures},
	author       = {Pardo, Leandro},
	year         = 2005,
	publisher    = {Chapman and Hall/CRC},
	address      = {New York, NY, USA}
}
@article{cressie1984multinomial,
	title        = {Multinomial goodness-of-fit tests},
	author       = {Cressie, Noel and Read, Timothy R C},
	year         = 1984,
	journal      = {Journal of the Royal Statistical Society: Series B (Statistical Methodology)},
	publisher    = {Wiley Online Library},
	volume       = 46,
	number       = 3,
	pages        = {440--464}
}
@manual{PSD,
	title={Some Remarks on PSD Matrices},
	author={Weibin Mo},
	year={2020},
	note={Research Note. \url{https://drive.google.com/file/d/1FXMg6a0tofws7u0n1KXVmFLZ1TJq0hcS/view}},
}

@article{levina2012partial,
	title={Partial estimation of covariance matrices},
	author={Levina, Elizaveta and Vershynin, Roman},
	journal={Probability Theory and Related Fields},
	volume={153},
	number={3},
	pages={405--419},
	year={2012},
	publisher={Springer}
}

@article{chen2012masked,
	title={The masked sample covariance estimator: an analysis using matrix concentration inequalities},
	author={Chen, Richard Y and Gittens, Alex and Tropp, Joel A},
	journal={Information and Inference: A Journal of the IMA},
	volume={1},
	number={1},
	pages={2--20},
	year={2012}
}

@article{bickel2008regularized,
	title={Regularized estimation of large covariance matrices},
	author={Bickel, Peter J and Levina, Elizaveta},
	journal={The Annals of Statistics},
	volume={36},
	number={1},
	pages={199--227},
	year={2008}
}

@article{bickel2008covariance,
	title={Covariance regularization by thresholding},
	author={Bickel, Peter J and Levina, Elizaveta},
	journal={The Annals of Statistics},
	volume={36},
	number={6},
	pages={2577--2604},
	year={2008}
}

@article{furrer2007estimation,
	title={Estimation of high-dimensional prior and posterior covariance matrices in Kalman filter variants},
	author={Furrer, Reinhard and Bengtsson, Thomas},
	journal={Journal of Multivariate Analysis},
	volume={98},
	number={2},
	pages={227--255},
	year={2007},
	publisher={Elsevier}
}

@article{cai2012optimal,
	title={Optimal rates of convergence for sparse covariance matrix estimation},
	author={Cai, T Tony and Zhou, Harrison H},
	journal={The Annals of Statistics},
	volume={40},
	number={5},
	pages={2389--2420},
	year={2012}
}

@article{cai2010optimal,
	title={Optimal rates of convergence for covariance matrix estimation},
	author={Cai, T Tony and Zhang, Cun-Hui and Zhou, Harrison H},
	journal={The Annals of Statistics},
	volume={38},
	number={4},
	pages={2118--2144},
	year={2010}
}

@manual{chen2012masked.old,
	title={The masked sample covariance estimator: An analysis via the matrix Laplace transform},
	author={Chen, Richard Y and Gittens, Alex and Tropp, Joel A},
	note={ACM Report},
	organization={California Institute of Technology},
	address={Pasadena, CA},
	year={2012}
}
%%%%%%%%%%%%%%%%%%%%%%%%%%%%%%%%%%%%%%%%%%%%%%%%%%%%%%%%%%%%%%%%%%%%%%%%%%%%%%%%%%%%%%%%%%%
%%%%%%%%%%%%%%%%%%%%%%%%%%%%%%%%%%%%%%%%%%%%%%%%%%%%%%%%%%%%%%%%%%%%%%%%%%%%%%%%%%%%%%%%%%%
%% Block-Diagonal GGMs.
@article{witten2011new,
  title={New insights and faster computations for the graphical lasso},
  author={Witten, Daniela M and Friedman, Jerome H and Simon, Noah},
  journal={Journal of Computational and Graphical Statistics},
  volume={20},
  number={4},
  pages={892--900},
  year={2011},
  publisher={Taylor \& Francis}
}
@article{mohan2014node,
  title={Node-based learning of multiple Gaussian graphical models},
  author={Mohan, Karthik and London, Palma and Fazel, Maryam and Witten, Daniela and Lee, Su-In},
  journal={The Journal of Machine Learning Research},
  volume={15},
  number={1},
  pages={445--488},
  year={2014},
  publisher={JMLR. org}
}
@article{danaher2014joint,
  title={The joint graphical lasso for inverse covariance estimation across multiple classes},
  author={Danaher, Patrick and Wang, Pei and Witten, Daniela M},
  journal={Journal of the Royal Statistical Society Series B: Statistical Methodology},
  volume={76},
  number={2},
  pages={373--397},
  year={2014},
  publisher={Oxford University Press}
}
%% ALSO TAN.
%%%%%%%%%%%%%%%%%%%%%%%%%%%%%%%%%%%%%%%%%%%%%%%%%%%%%%%%%%%%%%%%%%%%%%%%%%%%%%%%%%%%%%%%%%%
%%%%%%%%%%%%%%%%%%%%%%%%%%%%%%%%%%%%%%%%%%%%%%%%%%%%%%%%%%%%%%%%%%%%%%%%%%%%%%%%%%%%%%%%%%%
%% Screening GGMs through the correlation:
@article{luo2014sure,
  title={Sure screening for Gaussian graphical models},
  author={Luo, Shikai and Song, Rui and Witten, Daniela},
  journal={arXiv preprint arXiv:1407.7819},
  year={2014}
}
@article{liang2015equivalent,
  title={An equivalent measure of partial correlation coefficients for high-dimensional gaussian graphical models},
  author={Liang, Faming and Song, Qifan and Qiu, Peihua},
  journal={Journal of the American Statistical Association},
  volume={110},
  number={511},
  pages={1248--1265},
  year={2015},
  publisher={Taylor \& Francis}
}
@inproceedings{kuang2017screening,
	author = {Kuang, Zhaobin and Geng, Sinong and Page, David},
	booktitle = {Advances in Neural Information Processing Systems},
	editor = {I. Guyon and U. Von Luxburg and S. Bengio and H. Wallach and R. Fergus and S. Vishwanathan and R. Garnett},
	publisher = {Curran Associates, Inc.},
	title = {A Screening Rule for l1-Regularized Ising Model Estimation},
	volume = {30},
	year = {2017}
}

@article{liang2022markov,
  title={Markov neighborhood regression for high-dimensional inference},
  author={Liang, Faming and Xue, Jingnan and Jia, Bochao},
  journal={Journal of the American Statistical Association},
  volume={117},
  number={539},
  pages={1200--1214},
  year={2022},
  publisher={Taylor \& Francis}
}
%%%%%%%%%%%%%%%%%%%%%%%%%%%%%%%%%%%%%%%%%%%%%%%%%%%%%%%%%%%%%%%%%%%%%%%%%%%%%%%%%%%%%%%%%%%
%%%%%%%%%%%%%%%%%%%%%%%%%%%%%%%%%%%%%%%%%%%%%%%%%%%%%%%%%%%%%%%%%%%%%%%%%%%%%%%%%%%%%%%%%%%
%% APPLICATIONS
@article{jia2017learning,
  title={Learning gene regulatory networks from next generation sequencing data},
  author={Jia, Bochao and Xu, Suwa and Xiao, Guanghua and Lamba, Vishal and Liang, Faming},
  journal={Biometrics},
  volume={73},
  number={4},
  pages={1221--1230},
  year={2017},
  publisher={Oxford University Press}
}
@article{qiu2020estimating,
  title={Estimating c-level partial correlation graphs with application to brain imaging},
  author={Qiu, Yumou and Zhou, Xiao-Hua},
  journal={Biostatistics},
  volume={21},
  number={4},
  pages={641--658},
  year={2020},
  publisher={Oxford University Press}
}

@article{johnstone2001distribution,
	title={On the distribution of the largest eigenvalue in principal components analysis},
	author={Johnstone, Iain M},
	journal={The Annals of Statistics},
	volume={29},
	number={2},
	pages={295--327},
	year={2001},
	publisher={Institute of Mathematical Statistics}
}

@article{bai2012sample,
	title={On sample eigenvalues in a generalized spiked population model},
	author={Bai, Zhidong and Yao, Jianfeng},
	journal={Journal of Multivariate Analysis},
	volume={106},
	pages={167--177},
	year={2012},
	publisher={Elsevier}
}

@article{cai2016estimating2,
	title={Estimating structured high-dimensional covariance and precision matrices: Optimal rates and adaptive estimation},
	author={Cai, T Tony and Ren, Zhao and Zhou, Harrison H},
	year={2016},
	volume={10},
	pages={1--59},
	journal={Electronic Journal of Statistics}
}

@article{ren2015asymptotic,
	title={Asymptotic normality and optimalities in estimation of large Gaussian graphical models},
	author={Ren, Zhao and Sun, Tingni and Zhang, Cun-Hui and Zhou, Harrison H},
	year={2015},
	volume={43},
	number={3},
	pages={991--1026},
	journal={The Annals of Statistics}
}

@article{cai2016estimating,
	title={Estimating sparse precision matrix: Optimal rates of convergence and adaptive estimation},
	author={Cai, T Tony and Liu, Weidong and Zhou, Harrison H},
	year={2016},
	volume={44},
	number={2},
	pages={455--488},
	journal={The Annals of Statistics}
}

@article{shen2016statistics,
	title={The statistics and mathematics of high dimension low sample size asymptotics},
	author={Shen, Dan and Shen, Haipeng and Zhu, Hongtu and Marron, JS},
	journal={Statistica Sinica},
	volume={26},
	number={4},
	pages={1747--1770},
	year={2016}
}

@article{wang2017asymptotics,
	title={Asymptotics of empirical eigenstructure for high dimensional spiked covariance},
	author={Wang, Weichen and Fan, Jianqing},
	year={2017},
	journal={The Annals of Statistics},
	volume={45},
	number={3},
	pages={1342--1374}
}

@article{cai2020limiting,
	title={Limiting laws for divergent spiked eigenvalues and largest nonspiked eigenvalue of sample covariance matrices},
	author={Cai, T Tony and Han, Xiao and Pan, Guangming},
	year={2020},
	journal={The Annals of Statistics},
	volume={48},
	number={3},
	pages={1255--1280}
}

@article{ke2023estimation,
	title={Estimation of the number of spiked eigenvalues in a covariance matrix by bulk eigenvalue matching analysis},
	author={Ke, Zheng Tracy and Ma, Yucong and Lin, Xihong},
	journal={Journal of the American Statistical Association},
	volume={118},
	number={541},
	pages={374--392},
	year={2023},
	publisher={Taylor \& Francis}
}

@article{fan2018large,
	title={Large covariance estimation through elliptical factor models},
	author={Fan, Jianqing and Liu, Han and Wang, Weichen},
	journal={The Annals of Statistics},
	volume={46},
	number={4},
	pages={1383--1414},
	year={2018}
}